@article{lava1998,
    author = {Bjesse, Per and Claessen, Koen and Sheeran, Mary and Singh, Satnam},
    title = {Lava: hardware design in Haskell},
    journal = {SIGPLAN Not.},
    issue_date = {Jan. 1999},
    volume = {34},
    number = {1},
    month = sep,
    year = {1998},
    issn = {0362-1340},
    pages = {174--184},
    numpages = {11},
    url = {http://doi.acm.org/10.1145/291251.289440},
    doi = {10.1145/291251.289440},
    acmid = {289440},
    publisher = {ACM},
    address = {New York, NY, USA},
}

@inproceedings{forsyde1999,
    title={Formal System Design Based on the Synchrony Hypothesis, Functional Models, and Skeletons},
    author={Sander, Ingo and Jantsch, Axel},
    booktitle={VLSI Design, 1999. Proceedings. Twelfth International Conference On},
    pages={318--323},
    year={1999},
    organization={IEEE}
}

@incollection{coquet2011,
    title={Coquet: a Coq library for verifying hardware},
    author={Braibant, Thomas},
    booktitle={Certified Programs and Proofs},
    pages={330--345},
    year={2011},
    publisher={Springer}
}

@book{nand2tetris-book,
    title={The Elements of Computing Systems: building a modern computer from first principles},
    author={Noam Nisan, Shimon Shocken},
    year={2012},
    edition={3rd},
    publisher={MIT Press},
}

